%YAML 1.1
%TAG !u! tag:unity3d.com,2011:
--- !u!243 &-5959926274792758963
AudioMixerGroupController:
  m_ObjectHideFlags: 0
  m_CorrespondingSourceObject: {fileID: 0}
  m_PrefabInstance: {fileID: 0}
  m_PrefabAsset: {fileID: 0}
  m_Name: Coins
  m_AudioMixer: {fileID: 24100000}
  m_GroupID: 80cd7c85a619ea644b8a6b1e5c3be6e0
  m_Children: []
  m_Volume: 4dc077265cad4564582e25d61ea79e54
  m_Pitch: fa32b68f331680448a4cc537deda9cbf
  m_Send: 00000000000000000000000000000000
  m_Effects:
  - {fileID: 8675717849127147534}
  - {fileID: 6622237039474288019}
  m_UserColorIndex: 0
  m_Mute: 0
  m_Solo: 0
  m_BypassEffects: 0
--- !u!244 &-5013407888996570179
AudioMixerEffectController:
  m_ObjectHideFlags: 3
  m_CorrespondingSourceObject: {fileID: 0}
  m_PrefabInstance: {fileID: 0}
  m_PrefabAsset: {fileID: 0}
  m_Name: 
  m_EffectID: d34f6de94800363419d225cd979ede2a
  m_EffectName: Duck Volume
  m_MixLevel: 20933395026ab2648927074195df4290
  m_Parameters:
  - m_ParameterName: Threshold
    m_GUID: b025cf0eaf08ed14fb1f593a51dddf8a
  - m_ParameterName: Ratio
    m_GUID: 80db999f589a3a64e859ae6d58deec9f
  - m_ParameterName: Attack Time
    m_GUID: 242b6d954029d75479e4db5a55197ab2
  - m_ParameterName: Release Time
    m_GUID: b03b41a7ce9ffeb4b8036e576efb78e6
  - m_ParameterName: Make-up Gain
    m_GUID: e48846a1d66195140b622ffd0cd29946
  - m_ParameterName: Knee
    m_GUID: e652abfbc2d78964fbaa0580d5d23242
  - m_ParameterName: Sidechain Mix
    m_GUID: 3e6b195c0bc6c244ca3ddc464090b4c9
  m_SendTarget: {fileID: 0}
  m_EnableWetMix: 0
  m_Bypass: 0
--- !u!241 &24100000
AudioMixerController:
  m_ObjectHideFlags: 0
  m_CorrespondingSourceObject: {fileID: 0}
  m_PrefabInstance: {fileID: 0}
  m_PrefabAsset: {fileID: 0}
  m_Name: Main
  m_OutputGroup: {fileID: 0}
  m_MasterGroup: {fileID: 24300002}
  m_Snapshots:
  - {fileID: 24500006}
  m_StartSnapshot: {fileID: 24500006}
  m_SuspendThreshold: -80
  m_EnableSuspend: 1
  m_UpdateMode: 0
  m_ExposedParameters: []
  m_AudioMixerGroupViews:
  - guids:
    - 5d8f15efe95099242ba6861d56c6233a
    - bdad2656b1bc2ea40a8e982ed5d12b6d
    - 80cd7c85a619ea644b8a6b1e5c3be6e0
    name: View
  m_CurrentViewIndex: 0
  m_TargetSnapshot: {fileID: 24500006}
--- !u!243 &24300002
AudioMixerGroupController:
  m_ObjectHideFlags: 0
  m_CorrespondingSourceObject: {fileID: 0}
  m_PrefabInstance: {fileID: 0}
  m_PrefabAsset: {fileID: 0}
  m_Name: Master
  m_AudioMixer: {fileID: 24100000}
  m_GroupID: 5d8f15efe95099242ba6861d56c6233a
  m_Children:
  - {fileID: 5275415800210665968}
  - {fileID: -5959926274792758963}
  m_Volume: a0ea55a5069315d46bb9a108bf8845d5
  m_Pitch: 9bf960e44957c714dbf5cb02af0b91f8
  m_Send: 00000000000000000000000000000000
  m_Effects:
  - {fileID: 24400004}
  m_UserColorIndex: 0
  m_Mute: 0
  m_Solo: 0
  m_BypassEffects: 0
--- !u!244 &24400004
AudioMixerEffectController:
  m_ObjectHideFlags: 3
  m_CorrespondingSourceObject: {fileID: 0}
  m_PrefabInstance: {fileID: 0}
  m_PrefabAsset: {fileID: 0}
  m_Name: 
  m_EffectID: 9c7955cb55a2ba24895219cd8dfb38c8
  m_EffectName: Attenuation
  m_MixLevel: 8d0df04e4e2dbb64682a91318e4a2cf7
  m_Parameters: []
  m_SendTarget: {fileID: 0}
  m_EnableWetMix: 0
  m_Bypass: 0
--- !u!245 &24500006
AudioMixerSnapshotController:
  m_ObjectHideFlags: 0
  m_CorrespondingSourceObject: {fileID: 0}
  m_PrefabInstance: {fileID: 0}
  m_PrefabAsset: {fileID: 0}
  m_Name: Snapshot
  m_AudioMixer: {fileID: 24100000}
  m_SnapshotID: c1eff1db73ec00946a0a587082c4c0e9
  m_FloatValues:
    e48846a1d66195140b622ffd0cd29946: 0
    3f857ef47e0f6f040ac04967284054cd: -6.5566154
    242b6d954029d75479e4db5a55197ab2: 0.1
    4dc077265cad4564582e25d61ea79e54: -1.7612991
    b03b41a7ce9ffeb4b8036e576efb78e6: 0.1
    e652abfbc2d78964fbaa0580d5d23242: 15.5
    b025cf0eaf08ed14fb1f593a51dddf8a: -45.79995
    9fb41dfe6187bc748bda0696ee66a352: 0
    80db999f589a3a64e859ae6d58deec9f: 2
  m_TransitionOverrides: {}
--- !u!243 &5275415800210665968
AudioMixerGroupController:
  m_ObjectHideFlags: 0
  m_CorrespondingSourceObject: {fileID: 0}
  m_PrefabInstance: {fileID: 0}
  m_PrefabAsset: {fileID: 0}
  m_Name: Music
  m_AudioMixer: {fileID: 24100000}
  m_GroupID: bdad2656b1bc2ea40a8e982ed5d12b6d
  m_Children: []
  m_Volume: 3f857ef47e0f6f040ac04967284054cd
  m_Pitch: 29b0b4d98f10d6c429610430fc34a5e9
  m_Send: 00000000000000000000000000000000
  m_Effects:
  - {fileID: 7181852043987318919}
  - {fileID: -5013407888996570179}
  m_UserColorIndex: 0
  m_Mute: 0
  m_Solo: 0
  m_BypassEffects: 0
--- !u!244 &6622237039474288019
AudioMixerEffectController:
  m_ObjectHideFlags: 3
  m_CorrespondingSourceObject: {fileID: 0}
  m_PrefabInstance: {fileID: 0}
  m_PrefabAsset: {fileID: 0}
  m_Name: 
  m_EffectID: 668bde2ffc1674040ba2eb75fac4996e
  m_EffectName: Send
  m_MixLevel: 9fb41dfe6187bc748bda0696ee66a352
  m_Parameters: []
  m_SendTarget: {fileID: -5013407888996570179}
  m_EnableWetMix: 0
  m_Bypass: 0
--- !u!244 &7181852043987318919
AudioMixerEffectController:
  m_ObjectHideFlags: 3
  m_CorrespondingSourceObject: {fileID: 0}
  m_PrefabInstance: {fileID: 0}
  m_PrefabAsset: {fileID: 0}
  m_Name: 
  m_EffectID: bbc70884dbca3e244b8eab0399f858f2
  m_EffectName: Attenuation
  m_MixLevel: 34e2ea04ef603ee4cb8e06b135ee87a6
  m_Parameters: []
  m_SendTarget: {fileID: 0}
  m_EnableWetMix: 0
  m_Bypass: 0
--- !u!244 &8675717849127147534
AudioMixerEffectController:
  m_ObjectHideFlags: 3
  m_CorrespondingSourceObject: {fileID: 0}
  m_PrefabInstance: {fileID: 0}
  m_PrefabAsset: {fileID: 0}
  m_Name: 
  m_EffectID: ce4381b570f5b994b8af55e0b6b8d197
  m_EffectName: Attenuation
  m_MixLevel: c9ad89b05af70974eb67ad93018ec6df
  m_Parameters: []
  m_SendTarget: {fileID: 0}
  m_EnableWetMix: 0
  m_Bypass: 0
